@book{karttunen2016fundamental,
  title={Fundamental Astronomy},
  author={Karttunen, H. and Kr{\"o}ger, P. and Oja, H. and Poutanen, M. and Donner, K.J.},
  isbn={9783662530450},
  url={https://books.google.it/books?id=ndd2DQAAQBAJ},
  year={2016},
  publisher={Springer Berlin Heidelberg}
}
